
@article{Bennett:2003,
  author         = "Bennett, C.L. and others",
  title          = "{First year Wilkinson Microwave Anisotropy Probe (WMAP)
                    observations: Preliminary maps and basic results}",
  collaboration  = "WMAP Collaboration",
  journal        = "Astrophysics Journal Supplement",
  volume         = "148",
  pages          = "1",
  doi            = "10.1086/377253",
  year           = "2003",
  eprint         = "astro-ph/0302207",
  archivePrefix  = "arXiv",
  primaryClass   = "astro-ph",
  SLACcitation   = "%%CITATION = ASTRO-PH/0302207;%%",
}

@article{Silverman:1985,
  author = "Silverman, B.W.",
  title = "{Some aspects of the spline smoothing approach to non-parametric
          curve fitting.}",
  journal = "JRSS B",
  volume = "47",
  pages = "1-52",
  year = "1985"
}

@Article{Kingman:1967,
  author = 	 {Kingman, J.F.C.},
  title = 	 {Completely random measures},
  journal = 	 {Pacific Journal of Mathematics},
  year = 	 {1967},
  volume = 	 {21},
  number = 	 {1},
  pages = 	 {59--78}
}

@book{Kingman:1993,
  title={Poisson processes},
  author={Kingman, J.F.C.},
  year={1993},
  publisher={OUP}
}

@article{GriffinWalker:2011,
  author = {Griffin, J. E. and Walker, S. G.},
  title = {Posterior Simulation of Normalized Random Measure Mixtures},
  journal = {Journal of Computational and Graphical Statistics},
  volume = {20},
  number = {1},
  pages = {241-259},
  year = {2011}
}

@article{FavaroTeh:2012,
  author = {Favaro, S. and Teh, Y.W.},
  title = {{MCMC} for normalized random measure mixture models},
  journal = {Submitted},
  year = {2012}
}

@inproceedings{MacEachern:1999,
  author = {MacEachern, S.N.},
  booktitle = {ASA Proceedings of the Section on Bayesian Statistical Science},
  title = {Dependent Nonparametric Processes},
  year = {1999}
}

@article{Griffin:Steel:2006,
  title={Order-based dependent {D}irichlet processes},
  author={Griffin, J.E. and Steel, M.F.J.},
  journal={JASA},
  volume={101},
  number={473},
  pages={179--194},
  year={2006},
}

@inproceedings{Rao:Teh:2009,
  title={Spatial normalized gamma processes},
  author={Rao, V. and Teh, Y.W.},
  booktitle={NIPS},
  year={2009}
}

@inproceedings{Ren:Wang:Dunson:Carin:2011,
  title={The kernel beta process},
  author={Ren, L. and Wang, Y. and Dunson, D. and Carin, L.},
  booktitle={NIPS},
  year={2011}
}

@book{FristedtGray:1997,
  title={A Modern Approach to Probability Theory},
  author={Fristedt, B. and Gray, L.F.},
  isbn={9780817638078},
  lccn={96005687},
  series={Probability and Its Applications},
  url={http://books.google.com/books?id=5D5O8xyM-kMC},
  year={1997},
  publisher={Birkh{\"a}user}
}

@article{Hjort:1990,
  added-at = {2011-05-09T23:10:52.000+0200},
  author = {Hjort, N.L.},
  biburl = {http://www.bibsonomy.org/bibtex/2eee8fd18d1100f911944fbaebd19501c/josephausterwei},
  interhash = {68d8e26ca5d3e8d9a75ed695eb0d568f},
  intrahash = {eee8fd18d1100f911944fbaebd19501c},
  journal = {Annals of Statistics},
  keywords = {imported},
  pages = {1259-1294},
  timestamp = {2011-05-09T23:10:52.000+0200},
  title = {Nonparametric {B}ayes estimators based on beta
  processes in models for life history data},
  volume = 18,
  year = 1990
}

@article{Ferguson:1973,
  author = {Ferguson, T.S.},
  citeulike-article-id = {936707},
  citeulike-linkout-0 = {http://dx.doi.org/10.2307/2958008},
  citeulike-linkout-1 = {http://www.jstor.org/stable/2958008},
  doi = {10.2307/2958008},
  issn = {00905364},
  journal = {Annals of Statistics},
  keywords = {bayesian\_nonparametric, dirichlet, nonparametric\_prior},
  number = {2},
  pages = {209--230},
  posted-at = {2011-06-02 21:31:06},
  priority = {0},
  publisher = {Institute of Mathematical Statistics},
  title = {A {B}ayesian Analysis of Some Nonparametric Problems},
  url = {http://dx.doi.org/10.2307/2958008},
  volume = {1},
  year = {1973}
}

@techreport{Griffin:2007,
  title={The {O}rnstein-{U}hlenbeck {D}irichlet process and other time-varying processes for {B}ayesian nonparametric inference},
  author={Griffin, J.E.},
  year={2007},
  institution={Department of Statistics, University of Warwick}
}

@article {JamesLijoiPrunster:2009,
  author = {James, L.F. and Lijoi, A. and Pr\"{u}nster, I.},
  title = {Posterior Analysis for Normalized Random Measures with Independent Increments},
  journal = {Scandinavian Journal of Statistics},
  volume = {36},
  number = {1},
  publisher = {Blackwell Publishing Ltd},
  issn = {1467-9469},
  url = {http://dx.doi.org/10.1111/j.1467-9469.2008.00609.x},
  doi = {10.1111/j.1467-9469.2008.00609.x},
  pages = {76--97},
  keywords = {Bayesian Nonparametrics, Dirichlet process, normalized random measure, Poisson random measure, posterior distribution, predictive distribution},
  year = {2009},
}

@techreport{GriffinKolSteel:2010,
  title = {Comparing Distributions Using Dependent Normalized Random Measure Mixtures},
  author = {Griffin, J.E. and Kolossiatis, M. and Steel, M.F.J.},
  year={2010},
  institution = {University of Warwick}
}

@article{KalliGriffinWalker:2011,
  author = {Kalli, M. and Griffin, J.E. and Walker, S.G.},
  title = {Slice sampling mixture models},
  journal = {Statistics and Computing},
  volume = {21},
  number = {1},
  year = {2011},
  issn = {0960-3174},
  pages = {93--105},
  numpages = {13},
  url = {http://dx.doi.org/10.1007/s11222-009-9150-y},
  doi = {10.1007/s11222-009-9150-y},
  acmid = {1900678},
  publisher = {Kluwer Academic Publishers},
  address = {Hingham, MA, USA},
  keywords = {Dirichlet process, Hazard function, Markov chain Monte Carlo, Mixture model, Normalized weights, Slice sampler},
} 

@inproceedings{TehGorGha2007,
  author=         "Y.W. Teh and D. {G\"or\"ur} and Z. Ghahramani",
  title=          "Stick-breaking Construction for the {I}ndian Buffet Process",
  booktitle=      "AISTATS",
  volume=         "11",
  year=           "2007"
}

@article{LijoiMenaPrunster:2007,
  author={Lijoi, A. and Mena, R.H. and Pr\"{u}nster, I.},
  title={Controlling the reinforcement in {B}ayesian non-parametric mixture models},
  journal={JRSS B},
  year=2007,
  volume={69},
  number={4},
  pages={715-740},
  month={},
  keywords={},
  url={http://ideas.repec.org/a/bla/jorssb/v69y2007i4p715-740.html}
}


@TechReport{LijoiPrunster:2009,
  author={Lijoi, A. and Pr\"{u}nster, I.},
  title={Models beyond the {D}irichlet process},
  year=2009,
  institution={Collegio Carlo Alberto},
  number={129},
}



@incollection{Dunson:2010,
  author = {Dunson, D.},
  title = {Nonparametric {B}ayes Applications to Biostatistics},
  booktitle = {Bayesian Nonparametrics},
  editor = {Hjort, N. L. and Holmes, C. and M\"{u}ller, P. and Walker, S. G.},
  publisher = {Cambridge University Press},
  year = {2010}
}

@article{Regazzini:Lijoi:Prunster:2003,
  jstor_articletype = {research-article},
  title = {Distributional Results for Means of Normalized Random Measures with Independent Increments},
  author = {Regazzini, E. and Lijoi, A. and Pr\"{u}nster, I.},
  journal = {Annals of Statistics},
  jstor_issuetitle = {},
  volume = {31},
  number = {2},
  jstor_formatteddate = {Apr., 2003},
  pages = {pp. 560-585},
  url = {http://www.jstor.org/stable/3448406},
  ISSN = {00905364},
  abstract = {We consider the problem of determining the distribution of means of random probability measures which are obtained by normalizing increasing additive processes. A solution is found by resorting to a well-known inversion formula for characteristic functions due to Gurland. Moreover, expressions of the posterior distributions of those means, in the presence of exchangeable observations, are given. Finally, a section is devoted to the illustration of two examples of statistical relevance.},
  language = {English},
  year = {2003},
  publisher = {Institute of Mathematical Statistics},
  copyright = {Copyright Â© 2003 Institute of Mathematical Statistics},
}

@article{Green:Hastie:2009,
  author = {Green, P.J.},
  title = {Reversible Jump {M}arkov chain {M}onte {C}arlo computation and {B}ayesian model determination},
  journal = {Biometrika},
  volume = {82},
  number = {4},
  pages = {711--732},
  year = {1995}
}

@ARTICLE{DamlenWakefieldWalker:1999,
    title = {Gibbs sampling for Bayesian non-conjugate and hierarchical models
        by using auxiliary variables},
    author = {Damlen, P. and Wakefield, J. and Walker, S.},
    year = {1999},
    journal = {Journal of the Royal Statistical Society Series B},
    volume = {61},
    number = {2},
    pages = {331-344},
    url =
    {http://EconPapers.repec.org/RePEc:bla:jorssb:v:61:y:1999:i:2:p:331-344}
}
