
@book{Kingman:1993,
  title={Poisson processes},
  author={Kingman, J.F.C.},
  year={1993},
  publisher={OUP}
}

@article{Green:Hastie:2009,
  author = {Green, P.J.},
  title = {Reversible Jump {M}arkov chain {M}onte {C}arlo computation and {B}ayesian model determination},
  journal = {Biometrika},
  volume = {82},
  number = {4},
  pages = {711--732},
  year = {1995}
}

@article{GriffinWalker:2011,
  author = {Griffin, J. E. and Walker, S. G.},
  title = {Posterior Simulation of Normalized Random Measure Mixtures},
  journal = {Journal of Computational and Graphical Statistics},
  volume = {20},
  number = {1},
  pages = {241-259},
  year = {2011}
}

@article {JamesLijoiPrunster:2009,
  author = {James, L.F. and Lijoi, A. and Pr\"{u}nster, I.},
  title = {Posterior Analysis for Normalized Random Measures with Independent Increments},
  journal = {Scandinavian Journal of Statistics},
  volume = {36},
  number = {1},
  publisher = {Blackwell Publishing Ltd},
  issn = {1467-9469},
  url = {http://dx.doi.org/10.1111/j.1467-9469.2008.00609.x},
  doi = {10.1111/j.1467-9469.2008.00609.x},
  pages = {76--97},
  keywords = {Bayesian Nonparametrics, Dirichlet process, normalized random measure, Poisson random measure, posterior distribution, predictive distribution},
  year = {2009},
}

@article{FavaroTeh:2012,
  author = {Favaro, S. and Teh, Y.W.},
  title = {{MCMC} for normalized random measure mixture models},
  journal = {Submitted},
  year = {2012}
}

@article{KalliGriffinWalker:2011,
  author = {Kalli, M. and Griffin, J.E. and Walker, S.G.},
  title = {Slice sampling mixture models},
  journal = {Statistics and Computing},
  volume = {21},
  number = {1},
  year = {2011},
  issn = {0960-3174},
  pages = {93--105},
  numpages = {13},
  url = {http://dx.doi.org/10.1007/s11222-009-9150-y},
  doi = {10.1007/s11222-009-9150-y},
  acmid = {1900678},
  publisher = {Kluwer Academic Publishers},
  address = {Hingham, MA, USA},
  keywords = {Dirichlet process, Hazard function, Markov chain Monte Carlo, Mixture model, Normalized weights, Slice sampler},
} 

@book{FristedtGray:1997,
  title={A Modern Approach to Probability Theory},
  author={Fristedt, B. and Gray, L.F.},
  isbn={9780817638078},
  lccn={96005687},
  series={Probability and Its Applications},
  url={http://books.google.com/books?id=5D5O8xyM-kMC},
  year={1997},
  publisher={Birkh{\"a}user}
}

@ARTICLE{DamlenWakefieldWalker:1999,
    title = {Gibbs sampling for Bayesian non-conjugate and hierarchical models
        by using auxiliary variables},
    author = {Damlen, P. and Wakefield, J. and Walker, S.},
    year = {1999},
    journal = {Journal of the Royal Statistical Society Series B},
    volume = {61},
    number = {2},
    pages = {331-344},
    url =
    {http://EconPapers.repec.org/RePEc:bla:jorssb:v:61:y:1999:i:2:p:331-344}
}
